% ----------
% ML frameworks
% ----------

@misc{keras,
  title={Keras},
  author={Chollet, Fran\c{c}ois and others},
  year={2015},
  howpublished={\url{https://keras.io}},
}

@article{scikit-learn,
 title={Scikit-learn: Machine Learning in {P}ython},
 author={Pedregosa, F. and Varoquaux, G. and Gramfort, A. and Michel, V.
         and Thirion, B. and Grisel, O. and Blondel, M. and Prettenhofer, P.
         and Weiss, R. and Dubourg, V. and Vanderplas, J. and Passos, A. and
         Cournapeau, D. and Brucher, M. and Perrot, M. and Duchesnay, E.},
 journal={Journal of Machine Learning Research},
 volume={12},
 pages={2825--2830},
 year={2011}
}

@misc{tensorflow,
title={ {TensorFlow}: Large-Scale Machine Learning on Heterogeneous Systems},
url={https://www.tensorflow.org/},
author={Abadi, Mart{\'\i}n and Agarwal, Ashish and Barham, Paul and Brevdo, Eugene and Chen, Zhifeng and Citro, Craig and Corrado, Greg S and Davis, Andy and Dean, Jeffrey and Devin, Matthieu and others},
  year={2015},
}

% ----------
% ML algorithm references
% ----------

@book{ml-algorithmic-perspective,
  title={Machine learning: an algorithmic perspective},
  author={Marsland, Stephen},
  year={2014},
  publisher={Chapman and Hall/CRC}
}

@article{overfitting,
  title={Determination of over-learning and over-fitting problem in back propagation neural network},
  author={Panchal, Gaurang and Ganatra, Amit and Shah, Parth and Panchal, Devyani},
  journal={International Journal on Soft Computing},
  volume={2},
  number={2},
  pages={40--51},
  year={2011},
  publisher={Academy \& Industry Research Collaboration Center(AIRCC)}
}

@article{pca,
  title={Mixtures of probabilistic principal component analyzers},
  author={Tipping, Michael E and Bishop, Christopher M},
  journal={Neural computation},
  volume={11},
  number={2},
  pages={443--482},
  year={1999},
  publisher={MIT Press}
}

@article{sparse-pca,
  title={Sparse principal component analysis},
  author={Zou, Hui and Hastie, Trevor and Tibshirani, Robert},
  journal={Journal of computational and graphical statistics},
  volume={15},
  number={2},
  pages={265--286},
  year={2006},
  publisher={Taylor \& Francis}
}

@inproceedings{sspca,
  title={Structured sparse principal component analysis},
  author={Jenatton, Rodolphe and Obozinski, Guillaume and Bach, Francis},
  booktitle={Proceedings of the Thirteenth International Conference on Artificial Intelligence and Statistics},
  pages={366--373},
  year={2010}
}

@article{pca-choosing-explained,
  title={Choosing the right number of components or factors in PCA and EFA},
  author={Brown, J},
  journal={JALT Testing \& Evaluation SIG Newsletter},
  volume={13},
  number={2},
  year={2009}
}

@article{pca-choosing,
  title={Stopping rules in principal components analysis: a comparison of heuristical and statistical approaches},
  author={Jackson, Donald A},
  journal={Ecology},
  volume={74},
  number={8},
  pages={2204--2214},
  year={1993},
  publisher={Wiley Online Library}
}

@inproceedings{data-augmentation,
  title={Understanding data augmentation for classification: when to warp?},
  author={Wong, Sebastien C and Gatt, Adam and Stamatescu, Victor and McDonnell, Mark D},
  booktitle={2016 international conference on digital image computing: techniques and applications (DICTA)},
  pages={1--6},
  year={2016},
  organization={IEEE}
}

@article{image-augmentation,
  title={The effectiveness of data augmentation in image classification using deep learning},
  author={Perez, Luis and Wang, Jason},
  journal={arXiv preprint arXiv:1712.04621},
  year={2017}
}

@inproceedings{image-aug-over-fitting,
  title={Best practices for convolutional neural networks applied to visual document analysis.},
  author={Simard, Patrice Y and Steinkraus, David and Platt, John C and others},
  booktitle={Icdar},
  volume={3},
  number={2003},
  year={2003}
}

@misc{dropout,
  title={System and method for addressing overfitting in a neural network},
  author={Hinton, Geoffrey E and Krizhevsky, Alexander and Sutskever, Ilya and Srivastva, Nitish},
  year={2016},
  month=aug # "~2",
  publisher={Google Patents},
  note={US Patent 9,406,017}
}

% ----------
% NN
% ----------

@article{mcculloch-pitts-neuron,
  title={A Logical Calculus of the Ideas Imminent in Nervous Activity. Bulletin of Mathematical Biophisics 5: 115-33},
  author={McCulloch, W and Pittc, W},
  year={1943}
}

@inproceedings{relu-activation,
  title={Deep sparse rectifier neural networks},
  author={Glorot, Xavier and Bordes, Antoine and Bengio, Yoshua},
  booktitle={Proceedings of the fourteenth international conference on artificial intelligence and statistics},
  pages={315--323},
  year={2011}
}

@article{intro-to-nn,
  title={An introduction to computing with neural nets},
  author={Lippmann, Richard P},
  journal={IEEE Assp magazine},
  volume={4},
  number={2},
  pages={4--22},
  year={1987}
}

@book{bfgs,
  title={Numerical optimization},
  author={Nocedal, Jorge and Wright, Stephen},
  year={2006},
  pages={136--140},
  publisher={Springer Science \& Business Media}
}

@misc{pychoa-optimizer,
  title={Optimize TensorFlow \& Keras models with L-BFGS from TensorFlow Probability},
  author={Py Chuang},
  url={https://pychao.com/2019/11/02/optimize-tensorflow-keras-models-with-l-bfgs-from-tensorflow-probability/}
}

% ----------
% CNNs
% ----------
@article{cnn-image-net,
  title={Imagenet classification with deep convolutional neural networks},
  author={Krizhevsky, Alex and Sutskever, Ilya and Hinton, Geoffrey E},
  booktitle={Advances in neural information processing systems},
  pages={1097--1105},
  year={2012}
}

@MastersThesis{cnn-analysis,
  Title={Analysis and Optimization of Convolutional Neural NetworkArchitectures},
  Author={Martin Thoma},
  School={Karlsruhe Institute of Technology},
  Year={2017},
  Address={Karlsruhe, Germany},
  Month=jun,
  Type={Masters?s Thesis},
  Keywords={machine learning; artificial neural networks;classification; supervised learning; CNNs},
  Url={https://martin-thoma.com/msthesis/}
}

@article{cnn-backprop,
  title={Backpropagation applied to handwritten zip code recognition},
  author={LeCun, Yann and Boser, Bernhard and Denker, John S and Henderson, Donnie and Howard, Richard E and Hubbard, Wayne and Jackel, Lawrence D},
  journal={Neural computation},
  volume={1},
  number={4},
  pages={541--551},
  year={1989},
  publisher={MIT Press}
}

@article{cnn-biology,
  title={Receptive fields and functional architecture of monkey striate cortex},
  author={Hubel, David H and Wiesel, Torsten N},
  journal={The Journal of physiology},
  volume={195},
  number={1},
  pages={215--243},
  year={1968},
  publisher={Wiley Online Library}
}

@inproceedings{cnn-depth-conv,
  title={Xception: Deep learning with depthwise separable convolutions},
  author={Chollet, Fran{\c{c}}ois},
  booktitle={Proceedings of the IEEE conference on computer vision and pattern recognition},
  pages={1251--1258},
  year={2017}
}

@article{vgg16,
  title={Very deep convolutional networks for large-scale image recognition},
  author={Simonyan, Karen and Zisserman, Andrew},
  journal={arXiv preprint arXiv:1409.1556},
  year={2014}
}

@article{cnn-vgg16-for-pne,
  title={Visualization and interpretation of convolutional neural network predictions in detecting pneumonia in pediatric chest radiographs},
  author={Rajaraman, Sivaramakrishnan and Candemir, Sema and Kim, Incheol and Thoma, George and Antani, Sameer},
  journal={Applied Sciences},
  volume={8},
  number={10},
  pages={1715},
  year={2018},
  publisher={Multidisciplinary Digital Publishing Institute}
}

@misc{cnn-simple-kaggle,
	title={Keras-NN \| X-Ray \| Predict pneumonia \| 86.54\%},
	url={https://www.kaggle.com/kosovanolexandr/keras-nn-x-ray-predict-pneumonia-86-54},
	note={Accessed 07/11/2019}
}

% ----------
% RF\DT
% ----------

@article{class-and-regress-trees,
  title={Classification and regression trees. Belmont, CA: Wadsworth},
  author={Breiman, Leo and Friedman, Jerome H and Olshen, Richard A and Stone, Charles J},
  journal={International Group},
  volume={432},
  pages={151--166},
  year={1984}
}

@article{ID3,
  title={Induction of decision trees},
  author={Quinlan, J. Ross},
  journal={Machine learning},
  volume={1},
  number={1},
  pages={81--106},
  year={1986},
  publisher={Springer}
}

@book{CART,
  title={Classification and regression trees},
  author={Breiman, Leo},
  year={2017},
  publisher={Routledge}
}

@inproceedings{info-entropy,
  title={On measures of entropy and information},
  author={R{\'e}nyi, Alfr{\'e}d and others},
  booktitle={Proceedings of the Fourth Berkeley Symposium on Mathematical Statistics and Probability, Volume 1: Contributions to the Theory of Statistics},
  year={1961},
  organization={The Regents of the University of California}
}

% ----------
% SVM
% ----------

@article{support-vector-machines,
  title={Support-vector networks},
  author={Cortes, Corinna and Vapnik, Vladimir},
  journal={Machine learning},
  volume={20},
  number={3},
  pages={273--297},
  year={1995},
  publisher={Springer}
}

@article{svm-reduce-dim,
  title={A comparison of PCA, KPCA and ICA for dimensionality reduction in support vector machine},
  author={Cao, LJ and Chua, Kok Seng and Chong, WK and Lee, HP and Gu, QM},
  journal={Neurocomputing},
  volume={55},
  number={1-2},
  pages={321--336},
  year={2003},
  publisher={Elsevier}
}

@article{multiclass-svm,
  title={On the algorithmic implementation of multiclass kernel-based vector machines},
  author={Crammer, Koby and Singer, Yoram},
  journal={Journal of machine learning research},
  volume={2},
  number={Dec},
  pages={265--292},
  year={2001}
}

% ----------
% Pneumonia sources
% ----------

@misc{pne-death-rate,
	title={The European Lung white book; Respiratory Health and Disease in Europe},
	howpublished={\url{https://www.erswhitebook.org/chapters/acute-lower-respiratory-infections/}},
	note={Accessed: 2020-02-03}
}

@article{pne-diagnosis,
  title={Diagnosis and management of community-acquired pneumonia in adults},
  author={Watkins, Richard R and Lemonovich, Tracy L},
  journal={American family physician},
  volume={83},
  number={11},
  pages={1299--1306},
  year={2011}
}

@article{pne-ml-in-medicine,
  title={Deep learning and medical diagnosis: A review of literature},
  author={Bakator, Mihalj and Radosav, Dragica},
  journal={Multimodal Technologies and Interaction},
  volume={2},
  number={3},
  pages={47},
  year={2018},
  publisher={Multidisciplinary Digital Publishing Institute}
}

@article{pne-dataset,
  title={Labeled optical coherence tomography (oct) and chest X-ray images for classification},
  author={Kermany, Daniel and Zhang, Kang and Goldbaum, Michael},
  journal={Mendeley data},
  volume={2},
  year={2018}
}

@inproceedings{breast-cancer-detection,
  title={Elastic deformations for data augmentation in breast cancer mass detection},
  author={Castro, Eduardo and Cardoso, Jaime S and Pereira, Jose Costa},
  booktitle={2018 IEEE EMBS International Conference on Biomedical \& Health Informatics (BHI)},
  pages={230--234},
  year={2018},
  organization={IEEE}
}

@inproceedings{chest-xray-augmentation,
  title={Chest X-ray analysis of tuberculosis by deep learning with segmentation and augmentation},
  author={Stirenko, Sergii and Kochura, Yuriy and Alienin, Oleg and Rokovyi, Oleksandr and Gordienko, Yuri and Gang, Peng and Zeng, Wei},
  booktitle={2018 IEEE 38th International Conference on Electronics and Nanotechnology (ELNANO)},
  pages={422--428},
  year={2018},
  organization={IEEE}
}

@article{cad-wavelet,
  title={Computer-aided diagnosis in chest radiography for detection of childhood pneumonia},
  author={Oliveira, Leandro Lu{\'\i}s Galdino and e Silva, Simonne Almeida and Ribeiro, Luiza Helena Vilela and de Oliveira, Renato Maur{\'\i}cio and Coelho, Clarimar Jos{\'e} and Andrade, Ana Lucia SS},
  journal={International journal of medical informatics},
  volume={77},
  number={8},
  pages={555--564},
  year={2008},
  publisher={Elsevier}
}

% ----------
% Student Example
% ----------
@article{student-dataset,
  title={Using data mining to predict secondary school student performance},
  author={Cortez, Paulo and Silva, Alice Maria Gon{\c{c}}alves},
  year={2008},
  publisher={EUROSIS-ETI}
}

% ----------
% Misc
% ----------

@misc{issue6499,
  title={Evaluate\_generator produces wrong accuracy scores? \#6499},
  url={https://github.com/keras-team/keras/issues/6499},
  type={Open Issue}
}

@misc{issue3477,
  title={Why the return of predict and predict generator are different? \#3477},
  url={https://github.com/keras-team/keras/issues/3477},
  type={Closed Issue}
}

@misc{issue11754,
	title={Correct use of fit\_generator, predict\_generator, and evaluate\_generator \#11754},
	url={https://github.com/keras-team/keras/issues/11754},
	type={Open Issue}
}


% ---------
% problem 3 
% ---------

@misc{bitcoin-data,
	title={Bitcoin Historical Data},
	url={https://www.kaggle.com/mczielinski/bitcoin-historical-data},
	note={Available under CC 4.0}
}

@inproceedings{lstm-use-1,
  title={Stock price prediction using LSTM, RNN and CNN-sliding window model},
  author={Selvin, Sreelekshmy and Vinayakumar, R and Gopalakrishnan, EA and Menon, Vijay Krishna and Soman, KP},
  booktitle={2017 international conference on advances in computing, communications and informatics (icacci)},
  pages={1643--1647},
  year={2017},
  organization={IEEE}
}

@inproceedings{lstm-use-2,
  title={Comparison of arima time series model and lstm deep learning algorithm for bitcoin price forecasting},
  author={Karakoyun, ES and Cibikdiken, AO},
  booktitle={The 13th multidisciplinary academic conference in prague 2018 (the 13th mac 2018)},
  pages={171--180},
  year={2018}
}
