@article{cifar-10,
  author = {A. Krizhevsky},
  title = {Learning multiple layers of features from tiny images},
  publisher = {University of Toronto},
  year = {2009"}
}

@article{classification-techniques,
  author ={S.B. Kotsiantis},
  title = {Supervised Machine Learning: A Review of Classification Techniques},
  publisher = {Emerging Artificial Intelligence Applications in Computer Engineering},
  year = {2007}
}

@article{regression-techniques,
  title={An empirical comparison of machine learning models for time series forecasting},
  author={Ahmed, Nesreen K and Atiya, Amir F and Gayar, Neamat El and El-Shishiny, Hisham},
  journal={Econometric Reviews},
  volume={29},
  number={5-6},
  pages={594--621},
  year={2010},
  publisher={Taylor \& Francis}
}

@book{ml-algorithmic-perspective,
  title={Machine learning: an algorithmic perspective},
  author={Marsland, Stephen},
  year={2014},
  publisher={Chapman and Hall/CRC}
}

@article{image-net,
  title={Imagenet classification with deep convolutional neural networks},
  author={Krizhevsky, Alex and Sutskever, Ilya and Hinton, Geoffrey E},
  booktitle={Advances in neural information processing systems},
  pages={1097--1105},
  year={2012}
}

@article{student-performance-dataset,
  author = {P. Cortez and A. Silva},
  title = {Using Data Mining to Predict Secondary School Student Performance},
  publisher = {A. Brito and J. Teixeira Eds},
  year = {2008}
}

@article{dimensional-reductions,
  title={Dimensionality reduction: a comparative},
  author={Van Der Maaten, Laurens and Postma, Eric and Van den Herik, Jaap},
  journal={J Mach Learn Res},
  volume={10},
  number={66-71},
  pages={13},
  year={2009}
}

@article{supervised-vs-unsupervised,
  title={Comparing supervised and unsupervised category learning},
  author={Love, Bradley C},
  journal={Psychonomic bulletin \& review},
  volume={9},
  number={4},
  pages={829--835},
  year={2002},
  publisher={Springer}
}

@article{pneumonia-dataset,
  title={Identifying medical diagnoses and treatable diseases by image-based deep learning},
  author={Kermany, Daniel S and Goldbaum, Michael and Cai, Wenjia and Valentim, Carolina CS and Liang, Huiying and Baxter, Sally L and McKeown, Alex and Yang, Ge and Wu, Xiaokang and Yan, Fangbing and others},
  journal={Cell},
  volume={172},
  number={5},
  pages={1122--1131},
  year={2018},
  publisher={Elsevier}
}

@online{bitcoin-dataset,
author = {Zielak},
url = {https://www.kaggle.com/mczielinski/bitcoin-historical-data},
year = {2019}
}

@article{balancing-classes,
  title={A systematic study of the class imbalance problem in convolutional neural networks},
  author={Buda, Mateusz and Maki, Atsuto and Mazurowski, Maciej A},
  journal={Neural Networks},
  volume={106},
  pages={249--259},
  year={2018},
  publisher={Elsevier}
}

@inproceedings{missing-data,
  title={A review of missing values handling methods on time-series data},
  author={Pratama, Irfan and Permanasari, Adhistya Erna and Ardiyanto, Igi and Indrayani, Rini},
  booktitle={2016 International Conference on Information Technology Systems and Innovation (ICITSI)},
  pages={1--6},
  year={2016},
  organization={IEEE}
}

@article{support-vector-machines,
  title={Support-vector networks},
  author={Cortes, Corinna and Vapnik, Vladimir},
  journal={Machine learning},
  volume={20},
  number={3},
  pages={273--297},
  year={1995},
  publisher={Springer}
}

@article{multiclass-svm,
  title={On the algorithmic implementation of multiclass kernel-based vector machines},
  author={Crammer, Koby and Singer, Yoram},
  journal={Journal of machine learning research},
  volume={2},
  number={Dec},
  pages={265--292},
  year={2001}
}

@article{mcculloch-pitts-neuron,
  title={A Logical Calculus of the Ideas Imminent in Nervous Activity. Bulletin of Mathematical Biophisics 5: 115-33},
  author={McCulloch, W and Pittc, W},
  year={1943}
}

@techreport{back-prop,
  title={Learning internal representations by error propagation},
  author={Rumelhart, David E and Hinton, Geoffrey E and Williams, Ronald J},
  year={1985},
  institution={California Univ San Diego La Jolla Inst for Cognitive Science}
}

@article{ID3,
  title={Induction of decision trees},
  author={Quinlan, J. Ross},
  journal={Machine learning},
  volume={1},
  number={1},
  pages={81--106},
  year={1986},
  publisher={Springer}
}

@book{CART,
  title={Classification and regression trees},
  author={Breiman, Leo},
  year={2017},
  publisher={Routledge}
}

@MastersThesis{cnn-analysis,
  Title={Analysis and Optimization of Convolutional Neural NetworkArchitectures},
  Author={Martin Thoma},
  School={Karlsruhe Institute of Technology},
  Year={2017},
  Address={Karlsruhe, Germany},
  Month=jun,
  Type={Mastersâ€™s Thesis},
  Keywords={machine learning; artificial neural networks;classification; supervised learning; CNNs},
  Url={https://martin-thoma.com/msthesis/}
}

@inproceedings{info-entropy,
  title={On measures of entropy and information},
  author={R{\'e}nyi, Alfr{\'e}d and others},
  booktitle={Proceedings of the Fourth Berkeley Symposium on Mathematical Statistics and Probability, Volume 1: Contributions to the Theory of Statistics},
  year={1961},
  organization={The Regents of the University of California}
}

@incollection{semi-supervised,
  title={Semi-supervised learning},
  author={Olivier, Chapelle and Bernhard, S and Alexander, Zien},
  booktitle={IEEE Transactions on Neural Networks},
  volume={20},
  number={3},
  pages={542--542},
  year={2006}
}

@article{intro-to-nn,
  title={An introduction to computing with neural nets},
  author={Lippmann, Richard P},
  journal={IEEE Assp magazine},
  volume={4},
  number={2},
  pages={4--22},
  year={1987}
}




